<?xml version="1.0" encoding="utf-8"?>
<record xmlns="http://www.loc.gov/MARC21/slim" xmlns:xsi="http://www.w3.org/2001/XMLSchema-instance" xsi:schemaLocation="http://www.loc.gov/MARC21/slim http://www.loc.gov/standards/marcxml/schema/MARC21slim.xsd">
	<leader>     nam a22     Mi 4500</leader>
	<controlfield tag="001">b12543123</controlfield>
	<controlfield tag="003">LeBAU</controlfield>
	<controlfield tag="006">m        d        </controlfield>
	<controlfield tag="007">cr cn |||m|||a</controlfield>
	<controlfield tag="008">200325s1949    sy c    o     ||0 0 ara d</controlfield>
	<datafield ind1=" " ind2=" " tag="040">
		<subfield code="a">ZYU</subfield>
		<subfield code="b">ara</subfield>
		<subfield code="e">rda</subfield>
		<subfield code="c">ZYU</subfield>
	</datafield>
	<datafield ind1="0" ind2="4" tag="082">
		<subfield code="a">892.78</subfield>
		<subfield code="2">22</subfield>
	</datafield>
	<datafield ind1="1" ind2=" " tag="100">
		<subfield code="6">880-01</subfield>
		<subfield code="a">Fayṣal, Muḥammad Rūḥī,</subfield>
		<subfield code="d">1912-1969,</subfield>
		<subfield code="e">author.</subfield>
	</datafield>
	<datafield ind1="1" ind2="0" tag="245">
		<subfield code="6">880-02</subfield>
		<subfield code="a">Taḥta al-mibḍaʻ :</subfield>
		<subfield code="b">ʻUmar Abū Rīshah, Badawī al-Jabal, Shafīq Jabrī, Muḥammad al-Bazm, Mahdī al-Jawāhirī /</subfield>
		<subfield code="c">bi-qalam Muḥammad Rūḥī Fayṣal, raʼīs qalam al-maṭbūʻāt fī Ḥimṣ, ṣāḥib kitāb &quot;Min al-naqd al-Faransī&quot; ; qaddama la-hu al-Ustādh Qadrī al-ʻUmar, mudīr Maʻārif Ḥimṣ, ṣāḥib kitāb &quot;Min al-adab&quot;.</subfield>
	</datafield>
	<datafield ind1=" " ind2="1" tag="264">
		<subfield code="6">880-03</subfield>
		<subfield code="a">Ḥimṣ :</subfield>
		<subfield code="b">Dār al-Ḥikmah,</subfield>
		<subfield code="c">1949.</subfield>
	</datafield>
	<datafield ind1=" " ind2=" " tag="300">
		<subfield code="6">880-04</subfield>
		<subfield code="a">online resource (84 pages) :</subfield>
		<subfield code="b">illustrations, portraits</subfield>
	</datafield>
	<datafield ind1=" " ind2=" " tag="336">
		<subfield code="a">text</subfield>
		<subfield code="2">rdacontent</subfield>
	</datafield>
	<datafield ind1=" " ind2=" " tag="337">
		<subfield code="a">computer</subfield>
		<subfield code="2">rdamedia</subfield>
	</datafield>
	<datafield ind1=" " ind2=" " tag="338">
		<subfield code="a">online resource</subfield>
		<subfield code="2">rdacarrier</subfield>
	</datafield>
	<datafield ind1=" " ind2=" " tag="500">
		<subfield code="a">Part of the Arabic Collections Online (ACO) project, contributed by American University of Beirut's Jafet Memorial Library.</subfield>
	</datafield>
	<datafield ind1=" " ind2=" " tag="533">
		<subfield code="a">Electronic reproduction.</subfield>
		<subfield code="b">New York, N.Y. :</subfield>
		<subfield code="c">New York University,</subfield>
		<subfield code="d">2020.</subfield>
		<subfield code="5">NNU</subfield>
	</datafield>
	<datafield ind1="0" ind2="0" tag="600">
		<subfield code="6">880-05</subfield>
		<subfield code="a">Abū Rīshah, ʻUmar</subfield>
		<subfield code="x">Criticism and interpretation.</subfield>
	</datafield>
	<datafield ind1="0" ind2="0" tag="600">
		<subfield code="6">880-06</subfield>
		<subfield code="a">Jabal, Badawī</subfield>
		<subfield code="x">Criticism and interpretation.</subfield>
	</datafield>
	<datafield ind1="0" ind2="0" tag="600">
		<subfield code="6">880-07</subfield>
		<subfield code="a">Jabrī, Shafīq</subfield>
		<subfield code="x">Criticism and interpretation.</subfield>
	</datafield>
	<datafield ind1="1" ind2="4" tag="600">
		<subfield code="6">880-08</subfield>
		<subfield code="a">Bazm, Muḥammad,</subfield>
		<subfield code="d">1884-1955</subfield>
		<subfield code="x">Criticism and interpretation.</subfield>
	</datafield>
	<datafield ind1="1" ind2="0" tag="600">
		<subfield code="6">880-09</subfield>
		<subfield code="a">Jawāhirī, Muḥammad Mahdī,</subfield>
		<subfield code="d">1899?-1997</subfield>
		<subfield code="x">Criticism and interpretation.</subfield>
	</datafield>
	<datafield ind1=" " ind2="0" tag="650">
		<subfield code="6">880-10</subfield>
		<subfield code="a">Arabic poetry</subfield>
		<subfield code="y">20th century</subfield>
		<subfield code="x">History and criticism.</subfield>
	</datafield>
	<datafield ind1="1" ind2=" " tag="700">
		<subfield code="6">880-11</subfield>
		<subfield code="a">ʻUmar, Qadrī,</subfield>
		<subfield code="d">1899-1962,</subfield>
		<subfield code="e">author of introduction.</subfield>
	</datafield>
	<datafield ind1="2" ind2=" " tag="710">
		<subfield code="a">Jafet Memorial Library.</subfield>
	</datafield>
	<datafield ind1="0" ind2=" " tag="730">
		<subfield code="a">Arabic Collections Online.</subfield>
	</datafield>
	<datafield ind1="0" ind2="8" tag="776">
		<subfield code="i">Print version:</subfield>
		<subfield code="a">Fayṣal, Muḥammad Rūḥī, 1912-1969, author.</subfield>
		<subfield code="t">Taḥta al-mibḍaʻ</subfield>
		<subfield code="w">(LeBAU)b12543123</subfield>
	</datafield>
	<datafield ind1="4" ind2="0" tag="856">
		<subfield code="u">http://hdl.handle.net/2333.1/vx0k6q6w</subfield>
	</datafield>
	<datafield ind1="1" ind2=" " tag="880">
		<subfield code="6">100-01</subfield>
		<subfield code="a">فيصل، محمد روحي،</subfield>
		<subfield code="d">1912-1969،</subfield>
		<subfield code="e">مؤلف.</subfield>
		<subfield code="4">aut.</subfield>
	</datafield>
	<datafield ind1="1" ind2="0" tag="880">
		<subfield code="6">245-02</subfield>
		<subfield code="a">تحت المبضع :</subfield>
		<subfield code="b">عمر أبو ريشة، بدوي الجبل، شفيق جبري، محمد البزم، مهدي الجواهري /</subfield>
		<subfield code="c">بقلم محمد روحي فيصل، رئيس قلم المطبوعات في حمص، صاحب كتاب &quot;من النقد الفرنسي&quot; ؛ قدم له الأستاذ قدري العمر، مدير معارف حمص، صاحب كتاب &quot;من الأدب&quot;.</subfield>
	</datafield>
	<datafield ind1=" " ind2="1" tag="880">
		<subfield code="6">264-03</subfield>
		<subfield code="a">حمص :</subfield>
		<subfield code="b">دار الحكمة،</subfield>
		<subfield code="c">1949.</subfield>
	</datafield>
	<datafield ind1=" " ind2=" " tag="880">
		<subfield code="6">300-04</subfield>
		<subfield code="a">84 صفحة :</subfield>
		<subfield code="b">مصورات، صور شخصانية ؛</subfield>
		<subfield code="c">24 سم</subfield>
	</datafield>
	<datafield ind1="1" ind2="4" tag="880">
		<subfield code="6">600-05</subfield>
		<subfield code="a">أبو ريشة، عمر</subfield>
		<subfield code="x">نقد وتأويل.</subfield>
	</datafield>
	<datafield ind1="1" ind2="4" tag="880">
		<subfield code="6">600-06</subfield>
		<subfield code="a">الجبل، بدوي</subfield>
		<subfield code="x">نقد وتأويل.</subfield>
	</datafield>
	<datafield ind1="1" ind2="4" tag="880">
		<subfield code="6">600-07</subfield>
		<subfield code="a">جبري، شفيق</subfield>
		<subfield code="x">نقد وتأويل.</subfield>
	</datafield>
	<datafield ind1="1" ind2="4" tag="880">
		<subfield code="6">600-08</subfield>
		<subfield code="a">البزم، محمد،</subfield>
		<subfield code="d">1884-1955</subfield>
		<subfield code="x">نقد وتأويل.</subfield>
	</datafield>
	<datafield ind1="1" ind2="4" tag="880">
		<subfield code="6">600-09</subfield>
		<subfield code="a">الجواهري، محمد مهدي،</subfield>
		<subfield code="d">1903-1997</subfield>
		<subfield code="x">نقد وتأويل.</subfield>
	</datafield>
	<datafield ind1=" " ind2="4" tag="880">
		<subfield code="6">650-10</subfield>
		<subfield code="a">الشعر العربي</subfield>
		<subfield code="y">القرن العشرون</subfield>
		<subfield code="x">تاريخ ونقد.</subfield>
	</datafield>
	<datafield ind1="1" ind2=" " tag="880">
		<subfield code="6">700-11</subfield>
		<subfield code="a">العمر، قدري،</subfield>
		<subfield code="d">1899-1962،</subfield>
		<subfield code="e">مؤلف مقدمة.</subfield>
		<subfield code="4">aui.</subfield>
	</datafield>
	<datafield ind1=" " ind2=" " tag="959">
		<subfield code="a">NNU</subfield>
		<subfield code="b">WEB</subfield>
		<subfield code="c">GENI</subfield>
		<subfield code="t">0</subfield>
		<subfield code="m">Electronic access</subfield>
		<subfield code="s">01</subfield>
	</datafield>
	<datafield ind1=" " ind2=" " tag="999">
		<subfield code="i">LeBAU_b12543123</subfield>
		<subfield code="s">aub_aco003175:</subfield>
		<subfield code="e">(ERROR-MISC)</subfield>
		<subfield code="s">aub_aco003175:</subfield>
	</datafield>
</record>
